<?xml version="1.0" encoding="UTF-8"?><collection xmlns="http://www.loc.gov/MARC21/slim"><record><leader>00530nam--2200193-i-4500</leader><controlfield tag="001">000013085</controlfield><controlfield tag="002">20161230</controlfield><controlfield tag="005">20161230201030</controlfield><controlfield tag="008">060222s1000------------r-----000-0-eng-d</controlfield><datafield ind1=" " ind2=" " tag="040"><subfield code="a">IFIN-HH</subfield></datafield><datafield ind1=" " ind2=" " tag="080"><subfield code="a">539.163</subfield></datafield><datafield ind1="1" ind2=" " tag="100"><subfield code="a">Lederer, Michael C</subfield></datafield><datafield ind1="1" ind2="0" tag="245"><subfield code="a">Table of isotopes</subfield><subfield code="c">C. michael lederer; jack m. hollander; isadore perlman</subfield></datafield><datafield ind1=" " ind2=" " tag="250"><subfield code="a">Sixth Edition</subfield></datafield><datafield ind1=" " ind2=" " tag="260"><subfield code="a">New York</subfield><subfield code="b">John Wiley &amp; Sons, Inc</subfield><subfield code="c">1968</subfield></datafield><datafield ind1=" " ind2=" " tag="300"><subfield code="a">594p</subfield></datafield><datafield ind1="1" ind2=" " tag="700"><subfield code="a">Perlman, Isadore</subfield></datafield><datafield ind1=" " ind2=" " tag="852"><subfield code="a">29139</subfield><subfield code="c">539.163</subfield></datafield><datafield ind1=" " ind2=" " tag="CAT"><subfield code="a">Sys</subfield><subfield code="c">20120518</subfield><subfield code="h">094715</subfield></datafield></record></collection>